<record><leader>00000cas a22000007a 4500</leader><controlfield tag="001">20665837</controlfield><controlfield tag="008">891117d190019uupr wr ne      0    0spa d</controlfield><datafield ind1=" " ind2=" " tag="010"><subfield code="a">sn 89078349 </subfield></datafield><datafield ind1=" " ind2=" " tag="040"><subfield code="a">PNN</subfield><subfield code="b">eng</subfield><subfield code="c">PNN</subfield><subfield code="d">OCLCQ</subfield></datafield><datafield ind1=" " ind2=" " tag="042"><subfield code="a">msc</subfield></datafield><datafield ind1="0" ind2="4" tag="245"><subfield code="a">Las efeme&#769;rides.</subfield></datafield><datafield ind1=" " ind2=" " tag="260"><subfield code="a">San Juan, P.R. :</subfield><subfield code="b">Imprenta Boada y Co.</subfield></datafield><datafield ind1=" " ind2=" " tag="300"><subfield code="a">v.</subfield></datafield><datafield ind1=" " ind2=" " tag="310"><subfield code="a">Weekly,</subfield><subfield code="b">&lt;Feb. 8, 1901&gt;-</subfield></datafield><datafield ind1=" " ind2=" " tag="321"><subfield code="a">Three times a month,</subfield><subfield code="b">Sept. 27, 1900-Jan. 10, 1901</subfield></datafield><datafield ind1=" " ind2=" " tag="500"><subfield code="a">&quot;Perio&#769;dico decenal de anuncios, literatura, ciencias y artes.&quot;</subfield></datafield><datafield ind1=" " ind2=" " tag="500"><subfield code="a">Publisher change: Tip. La Lucha, Nov. 10, 1900-</subfield></datafield><datafield ind1=" " ind2=" " tag="752"><subfield code="a">United States</subfield><subfield code="b">Puerto Rico</subfield><subfield code="d">San Juan.</subfield></datafield></record>